@BOOK{stochasticprogrammingbible,
  title={Stochastic programming (handbooks in operations research and management science)},
  author={Ruszczynski, A and Shapiro, A},
  year={2003},
  publisher={Elsevier}
}


@book{stochasticprogrammingbible2009,
author = {Shapiro, Alexander and Dentcheva, Darinka and Ruszczyński, Andrzej},
title = {Lectures on Stochastic Programming},
publisher = {Society for Industrial and Applied Mathematics},
year = {2009},
doi = {10.1137/1.9780898718751},
address = {},
edition   = {},
URL = {https://epubs.siam.org/doi/abs/10.1137/1.9780898718751},
eprint = {https://epubs.siam.org/doi/pdf/10.1137/1.9780898718751}
}

@book{dupacovastochasticprogramming,
author = {Dupačová, Jitka and Hurt, Jan and Štěpán, Josef},
year = {2003},
month = {01},
pages = {},
title = {Stochastic Modeling in Economics and Finance},
isbn = {1-4020-0840-6},
doi = {10.1007/b101992}
}

@article{pflugscenariotreegeneration,
author = {Pflug, Georg},
year = {2001},
month = {01},
pages = {251-271},
title = {Scenario tree generation for multiperiod financial optimization by optimal discretization},
volume = {89},
journal = {Mathematical Programming},
doi = {10.1007/PL00011398}
}

@article{dupacova_scenarios_for_multistage_stochastic_programs,
author = {Dupačová, Jitka and Consigli, Giorgio and Wallace, Stein},
year = {2000},
month = {12},
pages = {25-53},
title = {Scenarios for Multistage Stochastic Programs},
volume = {100},
journal = {Annals of Operations Research},
doi = {10.1023/A%3A1019206915174}
}

@article{defourny_scenario_trees_scenario_splitted_formulation,
author = {Defourny, Boris and Ernst, Damien and Wehenkel, Louis},
year = {2011},
month = {01},
pages = {},
title = {Multistage Stochastic Programming: A Scenario Tree Based Approach to Planning under Uncertainty},
journal = {LE, Sucar, EF, Morales, and J., Hoey (Eds.), Decision Theory Models for Applications in Artificial Intelligence: Concepts and Solutions. Hershey, Pennsylvania, USA: Information Science Publishing},
doi = {10.4018/978-1-60960-165-2.ch006}
}

@article{hoyland_wallace_moment_matching,
author = {Høyland, Kjetil and Wallace, Stein},
year = {2001},
month = {02},
pages = {295-307},
title = {Generating Scenario Trees for Multistage Decision Problems},
volume = {47},
journal = {Management Science},
doi = {10.1287/mnsc.47.2.295.9834}
}

@article{hoyland_wallace_moment_matching_heuristic,
author = {Høyland, Kjetil and Kaut, Michal and Wallace, Stein},
year = {2003},
month = {02},
pages = {169-185},
title = {A Heuristic for Moment-Matching Scenario Generation},
volume = {24},
journal = {Computational Optimization and Applications},
doi = {10.1023/A:1021853807313}
}

@article{moment_matching_agarwal,
title = {Data-driven multi-stage scenario tree generation via statistical property and distribution matching},
journal = {Computers and Chemical Engineering},
volume = {68},
pages = {7-23},
year = {2014},
issn = {0098-1354},
doi = {https://doi.org/10.1016/j.compchemeng.2014.04.012},
url = {https://www.sciencedirect.com/science/article/pii/S009813541400129X},
author = {B.A. Calfa and A. Agarwal and I.E. Grossmann and J.M. Wassick},
keywords = {Process Systems Engineering, Stochastic Programming, Scenario generation, Distribution Matching Problem, Time series forecasting, Analytics}
}

@book{glasserman2004monte,
  title={Monte Carlo Methods in Financial Engineering},
  author={Glasserman, P.},
  isbn={9780387004518},
  lccn={03050499},
  series={Applications of mathematics : stochastic modelling and applied probability},
  url={https://books.google.cz/books?id=e9GWUsQkPNMC},
  year={2004},
  publisher={Springer}
}

@Article{black_scholes,
  author={Black, Fischer and Scholes, Myron S},
  title={{The Pricing of Options and Corporate Liabilities}},
  journal={Journal of Political Economy},
  year=1973,
  volume={81},
  number={3},
  pages={637-654},
  month={May-June},
  keywords={},
  doi={10.1086/260062},
  abstract={No abstract is available for this item.},
  url={https://ideas.repec.org/a/ucp/jpolec/v81y1973i3p637-54.html}
}

@article{markowitz,
author = {Markowitz, Harry},
title = {PORTFOLIO SELECTION*},
journal = {The Journal of Finance},
volume = {7},
number = {1},
pages = {77-91},
doi = {https://doi.org/10.1111/j.1540-6261.1952.tb01525.x},
url = {https://onlinelibrary.wiley.com/doi/abs/10.1111/j.1540-6261.1952.tb01525.x},
eprint = {https://onlinelibrary.wiley.com/doi/pdf/10.1111/j.1540-6261.1952.tb01525.x},
year = {1952}
}

@article{leoppold_risk_measures,
author = {Leippold, Markus},
year = {2015},
month = {01},
pages = {},
title = {Value-at-Risk and Other Risk Measures},
journal = {SSRN Electronic Journal},
doi = {10.2139/ssrn.2579256}
}

@article{coherent_measures_of_risk,
author = {Artzner, Philippe and Delbaen, Freddy and Jean-Marc, Eber and Heath, David},
year = {1999},
month = {07},
pages = {203 - 228},
title = {Coherent Measures of Risk},
volume = {9},
journal = {Mathematical Finance},
doi = {10.1111/1467-9965.00068}
}

@article{reasonable_definition_of_coherent_risk_measures,
author = {Foellmer, Hans and Schied, Alexander},
year = {2002},
month = {09},
pages = {429-447},
title = {Convex Measures of Risk and Trading Constraints},
volume = {6},
journal = {Finance and Stochastics},
doi = {10.1007/s007800200072}
}

@book{mcneil2015quantitative,
  title={Quantitative Risk Management: Concepts, Techniques and Tools - Revised Edition},
  author={McNeil, A.J. and Frey, R. and Embrechts, P.},
  isbn={9780691166278},
  lccn={2015934589},
  series={Princeton Series in Finance},
  url={https://books.google.cz/books?id=REQLogEACAAJ},
  year={2015},
  publisher={Princeton University Press}
}

@article{Rockafellar2000OptimizationOC,
  title={Optimization of conditional value-at risk},
  author={R. Tyrrell Rockafellar and Stanislav Uryasev},
  journal={Journal of Risk},
  year={2000},
  volume={3},
  pages={21-41}
}

@article{RockafellarGeneralLossDistributions,
author = {Rockafellar, R and Uryasev, Stan},
year = {2002},
month = {07},
pages = {1443-1471},
title = {Conditional Value-At-Risk for General Loss Distributions},
volume = {26},
journal = {Journal of Banking and Finance},
doi = {10.1016/S0378-4266(02)00271-6}
}

@book{cornuejols_tutuncu_2006,
place={Cambridge},
series={Mathematics, Finance and Risk},
title={Optimization Methods in Finance},
DOI={10.1017/CBO9780511753886},
publisher={Cambridge University Press},
author={Cornuejols, Gerard and Tütüncü, Reha},
year={2006},
collection={Mathematics, Finance and Risk}
}

@article{cvar_robust_mean_cvar_portfolio_optimization,
author = {Salahi, Maziar and Mehrdoust, Farshid and Piri, Farzaneh},
year = {2013},
month = {01},
pages = {},
title = {CVaR Robust Mean-CVaR Portfolio Optimization},
volume = {2013},
journal = {ISRN Applied Mathematics},
doi = {10.1155/2013/570950}
}

@phdthesis{kozmikv_phdthesis,
  author  = "Kozmík, Václav",
  title   = "Multi-Stage Stochastic Programming with CVaR: Modeling, Algorithms and Robustness.",
  school  = "Univerzita Karlova, Matematicko-fyzikální fakulta, Katedra pravděpodobnosti a matematické statistiky",
  year    = 2015
}

@article{alphago_paper,
title	= {Mastering the game of Go with deep neural networks and tree search},
author	= {David Silver and Aja Huang and Christopher J. Maddison and Arthur Guez and Laurent Sifre and George van den Driessche and Julian Schrittwieser and Ioannis Antonoglou and Veda Panneershelvam and Marc Lanctot and Sander Dieleman and Dominik Grewe and John Nham and Nal Kalchbrenner and Ilya Sutskever and Timothy Lillicrap and Madeleine Leach and Koray Kavukcuoglu and Thore Graepel and Demis Hassabis},
year	= {2016},
URL	= {http://www.nature.com/nature/journal/v529/n7587/full/nature16961.html},
journal	= {Nature},
pages	= {484--503},
volume	= {529}
}

@article{alphafold,
author = {Jumper, John and Evans, Richard and Pritzel, Alexander and Green, Tim and Figurnov, Michael and Ronneberger, Olaf and Tunyasuvunakool, Kathryn and Bates, Russ and Žídek, Augustin and Potapenko, Anna and Bridgland, Alex and Meyer, Clemens and Kohl, Simon and Ballard, Andrew and Cowie, Andrew and Romera-Paredes, Bernardino and Nikolov, Stanislav and Jain, Rishub and Adler, Jonas and Hassabis, Demis},
year = {2021},
month = {08},
pages = {1-11},
title = {Highly accurate protein structure prediction with AlphaFold},
volume = {596},
journal = {Nature},
doi = {10.1038/s41586-021-03819-2}
}

@article{openaifive,
  title={Dota 2 with Large Scale Deep Reinforcement Learning},
  author={Christopher Berner and Greg Brockman and Brooke Chan and Vicki Cheung and Przemyslaw Debiak and Christy Dennison and David Farhi and Quirin Fischer and Shariq Hashme and Christopher Hesse and Rafal J{\'o}zefowicz and Scott Gray and Catherine Olsson and Jakub W. Pachocki and Michael Petrov and Henrique Pond{\'e} de Oliveira Pinto and Jonathan Raiman and Tim Salimans and Jeremy Schlatter and Jonas Schneider and Szymon Sidor and Ilya Sutskever and Jie Tang and Filip Wolski and Susan Zhang},
  journal={ArXiv},
  year={2019},
  volume={abs/1912.06680}
}

@article{matrix_multiplication,
author = {Fawzi, Alhussein and Balog, Matej and Huang, Aja and Hubert, Thomas and Romera-Paredes, Bernardino and Barekatain, Mohammadamin and Novikov, Alexander and Ruiz, Francisco and Schrittwieser, Julian and Swirszcz, Grzegorz and Silver, David and Hassabis, Demis and Kohli, Pushmeet},
year = {2022},
month = {10},
pages = {47-53},
title = {Discovering faster matrix multiplication algorithms with reinforcement learning},
volume = {610},
journal = {Nature},
}

@book{sutton2018reinforcement,
  title={Reinforcement learning: An introduction},
  author={Sutton, Richard S and Barto, Andrew G},
  year={2018},
  publisher={MIT press}
}